@article{21karp,
        author = { Richard M. Karp},
        title = {Reducibility Among Combinatorial Problems},
        journal = {Complexity of Computer Computations, Plenum},
        year = {1972}
}

@misc{pnp,
        author = { Behnam Esfahbod },
        title = {Illustratrion P vs NP},
	howpublisehd = {\url{http://commons.wikimedia.org/wiki/File:P_np_np-complete_np-hard.svg}},
}

@article{dyier,
        author = { M. E. Dyier \and A. M. Frieze},
        title = {The solution to some random NP Hard Problems in Polynomial Expected Time},
        journal = {Complexity of Computer Computations, Plenum},
        year = {1972}
}

@misc{sat,
        author = { Denis Trystram },
        title = {The solution to some random NP Hard Problems in Polynomial Expected Time},
        journal = {Leçon 5. Le problème SAT et ses variantes},
	howpublisehd = {\url{http://datamove.imag.fr/denis.trystram/SupportsDeCours/SATvariations.pdf}},
        year = {2011}
}

@article{cook,
        author = { Stephen Cook},
        title = { The complexity of theorem proving procedures},
        journal = {Proceedings of the third annual ACM symposium on Theory of computing},
        year = {1971}
}

@inproceedings{simplenphard,
author = {Garey, M. R. and Johnson, D. S. and Stockmeyer, L.},
title = {Some Simplified NP-Complete Problems},
year = {1974},
isbn = {9781450374231},
publisher = {Association for Computing Machinery},
address = {New York, NY, USA},
url = {https://doi.org/10.1145/800119.803884},
doi = {10.1145/800119.803884},
booktitle = {Proceedings of the Sixth Annual ACM Symposium on Theory of Computing},
pages = {47–63},
numpages = {17},
location = {Seattle, Washington, USA},
series = {STOC ’74}
}

@inproceedings{noapprox,
author = {Andreev, Konstantin and R\"{a}cke, Harald},
title = {Balanced Graph Partitioning},
year = {2004},
isbn = {1581138407},
publisher = {Association for Computing Machinery},
address = {New York, NY, USA},
url = {https://doi.org/10.1145/1007912.1007931},
doi = {10.1145/1007912.1007931},
booktitle = {Proceedings of the Sixteenth Annual ACM Symposium on Parallelism in Algorithms and Architectures},
pages = {120–124},
numpages = {5},
keywords = {bicriteria approximation, approximation algorithms, graph partitioning},
location = {Barcelona, Spain},
series = {SPAA ’04}
}

@misc{applications,
Author = {Aydin Buluc and Henning Meyerhenke and Ilya Safro and Peter Sanders and Christian Schulz},
Title = {Recent Advances in Graph Partitioning},
Year = {2013},
Eprint = {arXiv:1311.3144},
}

@article{bitcoin,
author = {Fleder, Michael and Kester, Michael and Pillai, Sudeep},
year = {2015},
month = {02},
pages = {},
title = {Bitcoin Transaction Graph Analysis}
}

@Book{papadimitriou1982combinatorial,
 author = {Papadimitriou, Christos},
 title = {Combinatorial optimization : algorithms and complexity},
 publisher = {Prentice Hall},
 year = {1982},
 address = {Englewood Cliffs, N.J},
 isbn = {0-486-40258-4}
 }

@misc{ig,
        author = { Ann Ben-hamou },
        title = {Inférence statistique de graphes},
	howpublisehd = {\url{https://www.lpsm.paris/dw/lib/exe/fetch.php?media=users:benhamou:poly-graphes.pdf}},
        year = {2020}
}

  

